@book{brenner,
  title={The mathematical theory of finite element methods},
  author={Brenner, Susanne and Scott, Ridgway},
  volume={15},
  year={2007},
  publisher={Springer Science \& Business Media}
}

@article{ernequil,
  title={Polynomial-degree-robust a posteriori estimates in a unified setting for conforming, nonconforming, discontinuous Galerkin, and mixed discretizations},
  author={Ern, Alexandre and Vohral{\'\i}k, Martin},
  journal={SIAM Journal on Numerical Analysis},
  volume={53},
  number={2},
  pages={1058--1081},
  year={2015},
  publisher={SIAM}
}
@article{braessequil,
  title={Equilibrated residual error estimator for edge elements},
  author={Braess, Dietrich and Sch{\"o}berl, Joachim},
  journal={Mathematics of Computation},
  volume={77},
  number={262},
  pages={651--672},
  year={2008}
}
@article{braessequilrobust,
  title={Equilibrated residual error estimates are p-robust},
  author={Braess, Dietrich and Pillwein, Veronika and Sch{\"o}berl, Joachim},
  journal={Computer Methods in Applied Mechanics and Engineering},
  volume={198},
  number={13},
  pages={1189--1197},
  year={2009},
  publisher={Elsevier}
}


@article{cascon2008,
  title={Quasi-optimal convergence rate for an adaptive finite element method},
  author={Cascon, J Manuel and Kreuzer, Christian and Nochetto, Ricardo H and Siebert, Kunibert G},
  journal={SIAM Journal on Numerical Analysis},
  volume={46},
  number={5},
  pages={2524--2550},
  year={2008},
  publisher={SIAM}
}

@article{cascon2012,
  title={Quasioptimal cardinality of AFEM driven by nonresidual estimators},
  author={Casc{\'o}n, J Manuel and Nochetto, Ricardo H},
  journal={IMA Journal of Numerical Analysis},
  volume={32},
  number={1},
  pages={1--29},
  year={2012},
  publisher={Oxford University Press}
}
@article{chenifem,
  title={iFEM: an innovative finite element methods package in MATLAB},
  author={Chen, Long},
  journal={Preprint, University of Maryland},
  year={2008}
}
@article{carstensenestimator,
  title={Estimator competition for Poisson problems},
  author={Carstensen, Carsten},
  year={2009},
  publisher={Humboldt-Universit{\"a}t zu Berlin, Mathematisch-Naturwissenschaftliche Fakult{\"a}t II, Institut f{\"u}r Mathematik}
}
@article{carstesenraviart,
  title={Three MATLAB implementations of the lowest-order Raviart-Thomas MFEM with a posteriori error control},
  author={Bahriawati, C and Carstensen, C},
  journal={Computational Methods in Applied Mathematics Comput. Methods Appl. Math.},
  volume={5},
  number={4},
  pages={333--361},
  year={2005}
}

@book{gaticasimple,
  title={A simple introduction to the mixed finite element method: theory and applications},
  author={Gatica, Gabriel N},
  year={2014},
  publisher={Springer Science \& Business Media}
}

@book{brezzimixed,
  title={Mixed finite element methods and applications},
  author={Boffi, Daniele and Brezzi, Franco and Fortin, Michel},
  volume={44},
  year={2013},
  publisher={Springer}
}

@article{ainsworthbernstein,
  title={A Bernstein--B{\'e}zier Basis for Arbitrary Order Raviart--Thomas Finite Elements},
  author={Ainsworth, Mark and Andriamaro, Gaelle and Davydov, Oleg},
  journal={Constructive Approximation},
  volume={41},
  number={1},
  pages={1--22},
  year={2015},
  publisher={Springer}
}

@article{rognesefficient,
  title={Efficient assembly of H(div) and H(curl) conforming finite elements},
  author={Rognes, Marie E and Kirby, Robert C and Logg, Anders},
  journal={SIAM Journal on Scientific Computing},
  volume={31},
  number={6},
  pages={4130--4151},
  year={2009},
  publisher={SIAM}
}

@misc{stevenson,
  title={Some notes with Adaptive Finite Elements},
  author={Stevenson, Rob},
  howpublished={\url{https://staff.fnwi.uva.nl/r.p.stevenson/notes1.pdf}}
}

@book{chen,
  title={Selected topics in finite element methods},
  author={Chen, Zhiming and Wu, Haijun},
  year={2010},
  publisher={Science Press, Beijing}
}

@article{prager,
  title={Approximations in elasticity based on the concept of function space},
  author={Prager, William and Synge, John L},
  journal={Quart. Appl. Math},
  volume={5},
  number={3},
  pages={241--269},
  year={1947}
}

@article{kreuzersiebert,
  title={Decay rates of adaptive finite elements with D{\"o}rfler marking},
  author={Kreuzer, Christian and Siebert, Kunibert G},
  journal={Numerische Mathematik},
  volume={117},
  number={4},
  pages={679--716},
  year={2011},
  publisher={Springer}
}

@article{stevenson2007optimality,
  title={Optimality of a standard adaptive finite element method},
  author={Stevenson, Rob},
  journal={Foundations of Computational Mathematics},
  volume={7},
  number={2},
  pages={245--269},
  year={2007},
  publisher={Springer}
}

@article{ste08,
  title={The completion of locally refined simplicial partitions created by bisection},
  author={Stevenson, Rob},
  journal={Mathematics of computation},
  volume={77},
  number={261},
  pages={227--241},
  year={2008}
}


@article{carstensen2014axioms,
  title={Axioms of adaptivity},
  author={Carstensen, Carsten and Feischl, Michael and Page, Marcus and Praetorius, Dirk},
  journal={Computers \& Mathematics with Applications},
  volume={67},
  number={6},
  pages={1195--1253},
  year={2014},
  publisher={Elsevier}
}

@article{botelho2013lagrange,
  title={On the Lagrange multiplier theorem in Banach spaces},
  author={Botelho, Fabio},
  journal={Computational and Applied Mathematics},
  volume={32},
  number={1},
  pages={135--144},
  year={2013},
  publisher={Springer}
}

@book{braess2007finite,
  title={Finite elements: Theory, fast solvers, and applications in solid mechanics},
  author={Braess, Dietrich},
  year={2007},
  publisher={Cambridge University Press}
}

@incollection{arnold2006differential,
  title={Differential complexes and stability of finite element methods i. the de rham complex},
  author={Arnold, Douglas N and Falk, Richard S and Winther, Ragnar},
  booktitle={Compatible spatial discretizations},
  pages={23--46},
  year={2006},
  publisher={Springer}
}

@book{MATLAB:2015,
  year = {2015},
  author = {MATLAB},
  title = {version  R2015b (8.6.0.267246)},
  publisher = {The MathWorks Inc.},
  address = {Natick, Massachusetts}
}
@article{zheng2005friedrichs,
  title={On Friedrichs--Poincar{\'e}-type inequalities},
  author={Zheng, Weiying and Qi, He},
  journal={Journal of mathematical analysis and applications},
  volume={304},
  number={2},
  pages={542--551},
  year={2005},
  publisher={Elsevier}
}
@article{veeser2011poincare,
  title={Poincar{\'e} constants for finite element stars},
  author={Veeser, Andreas and Verf{\"u}rth, R{\"u}diger},
  journal={IMA Journal of Numerical Analysis},
  pages={drr011},
  year={2011},
  publisher={Oxford University Press}
}
@article{braess2006equilibrated,
  title={Equilibrated residual error estimator for Maxwellâ€™s equations},
  author={Braess, Dietrich and Sch{\"o}berl, Joachim},
  journal={Preprint RICAM},
  volume={19},
  year={2006}
}

@book{zienkiewicz1977finite,
  title={The finite element method},
  author={Zienkiewicz, Olgierd Cecil and Taylor, Robert Leroy and Zienkiewicz, Olgierd Cecil and Taylor, Robert Lee},
  volume={3},
  year={1977},
  publisher={McGraw-hill London}
}



@article{zienkiewicz1987simple,
  title={A simple error estimator and adaptive procedure for practical engineerng analysis},
  author={Zienkiewicz, Olgierd C and Zhu, Jian Z},
  journal={International Journal for Numerical Methods in Engineering},
  volume={24},
  number={2},
  pages={337--357},
  year={1987},
  publisher={Wiley Online Library}
}
@article{zienkiewicz1992superconvergent,
  title={The superconvergent patch recovery and a posteriori error estimates. Part 1: The recovery technique},
  author={Zienkiewicz, Olgierd Cecil and Zhu, Jian Zhong},
  journal={International Journal for Numerical Methods in Engineering},
  volume={33},
  number={7},
  pages={1331--1364},
  year={1992},
  publisher={Wiley Online Library}
}
@book{verfurth2013posteriori,
  title={A posteriori error estimation techniques for finite element methods},
  author={Verf{\"u}rth, R{\"u}diger},
  year={2013},
  publisher={Oxford University Press}
}

@article{dolejvsi2015hp,
  title={hp-adaptation driven by polynomial-degree-robust a posteriori error estimates for elliptic problems},
  author={Dolej{\v{s}}{\'\i}, V{\'\i}t and Ern, Alexandre and Vohral{\'\i}k, Martin},
  year={2015}
}

@article{scott1990finite,
  title={Finite element interpolation of nonsmooth functions satisfying boundary conditions},
  author={Scott, L Ridgway and Zhang, Shangyou},
  journal={Mathematics of Computation},
  volume={54},
  number={190},
  pages={483--493},
  year={1990}
}

@article{mekchay2005convergence,
  title={Convergence of adaptive finite element methods for general second order linear elliptic PDEs},
  author={Mekchay, Khamron and Nochetto, Ricardo H},
  journal={SIAM Journal on Numerical Analysis},
  volume={43},
  number={5},
  pages={1803--1827},
  year={2005},
  publisher={SIAM}
}
@article{morin2002convergence,
  title={Convergence of adaptive finite element methods},
  author={Morin, Pedro and Nochetto, Ricardo H and Siebert, Kunibert G},
  journal={SIAM review},
  volume={44},
  number={4},
  pages={631--658},
  year={2002},
  publisher={SIAM}
}

@article{dorfler1996convergent,
  title={A convergent adaptive algorithm for Poisson's equation},
  author={D{\"o}rfler, Willy},
  journal={SIAM Journal on Numerical Analysis},
  volume={33},
  number={3},
  pages={1106--1124},
  year={1996},
  publisher={SIAM}
}
@article{traxler1997algorithm,
  title={An algorithm for adaptive mesh refinement inn dimensions},
  author={Traxler, Christoph T},
  journal={Computing},
  volume={59},
  number={2},
  pages={115--137},
  year={1997},
  publisher={Springer}
}
@article{morin2000data,
  title={Data oscillation and convergence of adaptive FEM},
  author={Morin, Pedro and Nochetto, Ricardo H and Siebert, Kunibert G},
  journal={SIAM Journal on Numerical Analysis},
  volume={38},
  number={2},
  pages={466--488},
  year={2000},
  publisher={SIAM}
}

